<record><leader>00000cas a22000007a 4500</leader><controlfield tag="001">30969021</controlfield><controlfield tag="008">940818d18431843mauwr ne      0    0eng d</controlfield><datafield ind1=" " ind2=" " tag="010"><subfield code="a">sn 94055809 </subfield></datafield><datafield ind1=" " ind2=" " tag="040"><subfield code="a">MGN</subfield><subfield code="b">eng</subfield><subfield code="c">MGN</subfield><subfield code="d">OCLCQ</subfield></datafield><datafield ind1=" " ind2=" " tag="042"><subfield code="a">msc</subfield></datafield><datafield ind1="0" ind2="0" tag="245"><subfield code="a">Essex cabinet and village advertiser.</subfield></datafield><datafield ind1=" " ind2=" " tag="260"><subfield code="a">Essex, Mass. :</subfield><subfield code="b">John Prince</subfield></datafield><datafield ind1=" " ind2=" " tag="300"><subfield code="a">v.</subfield></datafield><datafield ind1=" " ind2=" " tag="310"><subfield code="a">Weekly</subfield></datafield><datafield ind1="0" ind2=" " tag="362"><subfield code="a">Vol. 1, no. 1 (May 6, 1843)-</subfield></datafield><datafield ind1="1" ind2=" " tag="362"><subfield code="a">Ceased July 15, 1843?</subfield></datafield><datafield ind1=" " ind2=" " tag="752"><subfield code="a">United States</subfield><subfield code="b">Massachusetts</subfield><subfield code="c">Essex</subfield><subfield code="d">Essex.</subfield></datafield></record>